@article{lecun2015deep,
  title={Deep learning},
  author={LeCun, Yann and Bengio, Yoshua and Hinton, Geoffrey},
  journal={Nature},
  volume={521},
  number={7553},
  pages={436--444},
  year={2015},
  publisher={Nature Publishing Group}
}

@book{goodfellow2016deep,
  title={Deep learning},
  author={Goodfellow, Ian and Bengio, Yoshua and Courville, Aaron},
  year={2016},
  publisher={MIT press}
}

@book{sutton2018reinforcement,
  title={Reinforcement learning: An introduction},
  author={Sutton, Richard S and Barto, Andrew G},
  year={2018},
  publisher={MIT press}
}

@article{mnih2015human,
  title={Human-level control through deep reinforcement learning},
  author={Mnih, Volodymyr and Kavukcuoglu, Koray and Silver, David and Rusu, Andrei A and Veness, Joel and Bellemare, Marc G and Graves, Alex and Riedmiller, Martin and Fidjeland, Andreas K and Ostrovski, Georg and others},
  journal={Nature},
  volume={518},
  number={7540},
  pages={529--533},
  year={2015},
  publisher={Nature Publishing Group}
}

@article{krizhevsky2012imagenet,
  title={Imagenet classification with deep convolutional neural networks},
  author={Krizhevsky, Alex and Sutskever, Ilya and Hinton, Geoffrey E},
  journal={Advances in neural information processing systems},
  volume={25},
  pages={1097--1105},
  year={2012}
}

@article{biamonte2017quantum,
  title={Quantum machine learning},
  author={Biamonte, Jacob and Wittek, Peter and Pancotti, Nicola and Rebentrost, Patrick and Wiebe, Nathan and Lloyd, Seth},
  journal={Nature},
  volume={549},
  number={7671},
  pages={195--202},
  year={2017},
  publisher={Nature Publishing Group}
}

@book{russell2016artificial,
  title={Artificial intelligence: a modern approach},
  author={Russell, Stuart and Norvig, Peter},
  year={2016},
  publisher={Malaysia; Pearson Education Limited,}
}

@article{mittelstadt2016ethics,
  title={The ethics of algorithms: Mapping the debate},
  author={Mittelstadt, Brent Daniel and Allo, Patrick and Taddeo, Mariarosaria and Wachter, Sandra and Floridi, Luciano},
  journal={Big Data \& Society},
  volume={3},
  number={2},
  pages={2053951716679679},
  year={2016},
  publisher={SAGE Publications Sage UK: London, England}
}

@article{jobin2019global,
  title={The global landscape of AI ethics guidelines},
  author={Jobin, Anna and Ienca, Marcello and Vayena, Effy},
  journal={Nature Machine Intelligence},
  volume={1},
  number={9},
  pages={389--399},
  year={2019},
  publisher={Nature Publishing Group}
}

@article{barocas2016big,
  title={Big data's disparate impact},
  author={Barocas, Solon and Selbst, Andrew D},
  journal={Calif. L. Rev.},
  volume={104},
  pages={671},
  year={2016},
  publisher={HeinOnline}
}

@article{toreini2020relationship,
  title={The relationship between trust in AI and trustworthy machine learning technologies},
  author={Toreini, Eirini and Aitken, Murray and Coopamootoo, Lavinia and Elliott, Kathryn and Zelaya, Claudia and van Moorsel, Aad},
  journal={arXiv preprint arXiv:2007.13555},
  year={2020}
}

@article{floridi2018ai,
  title={AI4Peopleâ€”An ethical framework for a good AI society: Opportunities, risks, principles, and recommendations},
  author={Floridi, Luciano and Cowls, Josh and Beltrametti, Monica and Chatila, Raja and Chazerand, Patrice and Dignum, Virginia and Luetge, Christoph and Madelin, Robert and Pagallo, Ugo and Rossi, Francesca and others},
  journal={Minds and Machines},
  volume={28},
  number={4},
  pages={689--707},
  year={2018},
  publisher={Springer}
}
